@InProceedings{Goth2025EndRSEng,
  author    = {Goth, Florian and Chourdakis, Gerasimos and Thiele, Jan Philipp and Cohen, Jeremy and Hagdorn, Magnus Karl Moritz and Barrios Sazo, Mar{\'i}a Guadalupe and Martone, Michele and Hodges, Toby},
  title     = {The End of {RSEng}? Challenges and Risks for {RSEng}},
  booktitle = {Proceedings of the 5th conference for Research Software Engineering in {G}ermany},
  year      = {2025},
  eventdate = {2025-02-25/2025-02-27},
  venue     = {Karlsruhe Institute of Technology, Germany},
  address   = {Karlsruhe Institute of Technology, Germany},
  month     = feb,
  url       = {https://events.hifis.net/event/1741/contributions/14026/},
}
